@MISC
{
	teoriya,
	author="Опанасенко М.",
	title="Описание алгоритмов сортировки и сравнение их производительности [Электронный ресурс]",
	howpublished="// URL:
	\url{https://habr.com/ru/post/335920/}"
}

@MISC
{
	optimization,
	title="Как применить настройки оптимизации GCC в QT?",
	howpublished="// URL:
	\url{http://blog.kislenko.net/show.php?id=1991}"
}

@MISC
{
	get_proccess_times,
	title="GetProcessTimes function (processthreadsapi.h) [Электронный ресурс]",
	howpublished="// URL:
	\url{https://docs.microsoft.com/en-us/windows/win32/api/processthreadsapi/nf-processthreadsapi-getprocesstimes#syntax}"
}

@MISC
{
	get_memory,
	title="Massif: a heap profiler [Электронный ресурс]",
	howpublished="// URL:
	\url{https://valgrind.org/docs/manual/ms-manual.html}"
}

@INBOOK
{
	calc_model,
	author="Ульянов М.В. ",
	title="Ресурсно-эффективные компьютерные алгоритмы. Разработка и анализ",
	publisher="Москва: ФИЗМАТЛИТ, 2008. 304 с."
}

@MISC
{
	oprMultMatr,
	title="Умножение матриц. [Электронный ресурс]",
	howpublished="// URL:
	\url{https://ru.onlinemschool.com/math/library/matrix/multiply/}"
}

@inbook{
	Beloysov,
	author=" И. В. Белоусов",
	title="Матрицы и определители. Учебное пособие по линейной алгебре",
	publisher="-- Институт прикладной физики, г. Кишинёв",
	pages="1--16",
	language="russian",
	year=2006
}

@inbook{
	Gall2012,
	author="Le Gall, F",
	title="Faster algorithms for rectangular matrix multiplication",
	publisher="-- Proceedings of the 53rd Annual IEEE Symposium on Foundations of Computer Science (FOCS 2012)",
	pages="514--523",
	language="english",
	year=2012
}