@MISC
{
	teoriya,
	author="Сметанин Н.",
	title="Нечёткий поиск в тексте и словаре [Электронный ресурс]",
	howpublished="// URL:
	\url{https://habr.com/ru/post/114997/}"
}

@MISC
{
	teoriya2,
	title="Как рассчитать расстояние Левенштейна? [Электронный ресурс]",
	howpublished="// URL:
	\url{https://ru.minecraftfullmod.com/1072-how-to-calculate-levenshtein-distance-in-java}"
}

@MISC
{
	get_proccess_times,
	title="GetProcessTimes function (processthreadsapi.h) [Электронный ресурс]",
	howpublished="// URL:
	\url{https://docs.microsoft.com/en-us/windows/win32/api/processthreadsapi/nf-processthreadsapi-getprocesstimes#syntax}"
}

@MISC
{
	get_memory,
	title="Massif: a heap profiler [Электронный ресурс]",
	howpublished="// URL:
	\url{https://valgrind.org/docs/manual/ms-manual.html}"
}

@INBOOK
{
	c++,
	author="Бьерн Страуструп ",
	title="Язык программирования C++ - специальное издание",
	publisher="Москва: Бином, 2010. 1136 с."
}

@INBOOK
{
	article_levenshtein,
	author="В.И. Левенштейн",
	title="Двоичные коды с исправлением выпадений, вставок и замещений символов",
	publisher="Доклады АН СССР",
	language="russian",
	year=1965
}