@MISC
{
	get_proccess_times,
	title="GetProcessTimes function (processthreadsapi.h) [Электронный ресурс]",
	howpublished="// URL:
	\url{https://docs.microsoft.com/en-us/windows/win32/api/processthreadsapi/nf-processthreadsapi-getprocesstimes#syntax}"
}

@MISC
{
	get_memory,
	title="Massif: a heap profiler [Электронный ресурс]",
	howpublished="// URL:
	\url{https://valgrind.org/docs/manual/ms-manual.html}"
}