@MISC
{
	optimization,
	title="Как применить настройки оптимизации GCC в QT?",
	howpublished="// URL:
	\url{http://blog.kislenko.net/show.php?id=1991}"
}
% надо писать ещё в конце (дата обращения: ). Нет ли отдельной директивы вместо MISC на эл.ссылку??
@MISC
{
	chrono(),
	title="Microsoft developers network -- библиотека <chrono>",
	howpublished="// URL:
	\url{https://docs.microsoft.com/ru-ru/cpp/standard-library/chrono?view=msvc-160&viewFallbackFrom=vs-2017}"
}